<record><leader>00000cas a22000007a 4500</leader><controlfield tag="001">9402590</controlfield><controlfield tag="008">830412d19uu1927ksusx ne      0   a0ita d</controlfield><datafield ind1=" " ind2=" " tag="010"><subfield code="a">sn 83045289 </subfield></datafield><datafield ind1=" " ind2=" " tag="040"><subfield code="a">CRL</subfield><subfield code="b">eng</subfield><subfield code="c">CRL</subfield><subfield code="d">NPW</subfield><subfield code="d">NPT</subfield><subfield code="d">NPW</subfield><subfield code="d">OCLCQ</subfield></datafield><datafield ind1=" " ind2=" " tag="042"><subfield code="a">msc</subfield></datafield><datafield ind1="0" ind2="3" tag="245"><subfield code="a">Il Lavoratore italiano.</subfield></datafield><datafield ind1=" " ind2=" " tag="260"><subfield code="a">Pittsburg, Kan. :</subfield><subfield code="b">Italian Pub. Co.,</subfield><subfield code="c">-1927.</subfield></datafield><datafield ind1=" " ind2=" " tag="300"><subfield code="a">v.</subfield></datafield><datafield ind1=" " ind2=" " tag="310"><subfield code="a">Semimonthly (irregular),</subfield><subfield code="b">1925-Aug. 1927</subfield></datafield><datafield ind1=" " ind2=" " tag="321"><subfield code="a">Weekly (irregular),</subfield><subfield code="b">&lt;1912&gt;-Aug. 18, 1920</subfield></datafield><datafield ind1=" " ind2=" " tag="321"><subfield code="a">Three times a month (irregular),</subfield><subfield code="b">Aug. 31, 1920-1924</subfield></datafield><datafield ind1="0" ind2=" " tag="362"><subfield code="a">-anno 26, n. 15 (29 ag. 1927).</subfield></datafield><datafield ind1=" " ind2=" " tag="500"><subfield code="a">Publisher varies.</subfield></datafield><datafield ind1=" " ind2=" " tag="515"><subfield code="a">Suspended Mar.-Oct. 1924.</subfield></datafield><datafield ind1=" " ind2=" " tag="588"><subfield code="a">Description based on: Anno 4, num. 47 (15 dic. 1905).</subfield></datafield><datafield ind1=" " ind2=" " tag="752"><subfield code="a">United States</subfield><subfield code="b">Kansas</subfield><subfield code="c">Crawford</subfield><subfield code="d">Pittsburg.</subfield></datafield><datafield ind1="0" ind2="7" tag="785"><subfield code="t">Frontenac star</subfield><subfield code="w">(DLC)sn 84029149</subfield><subfield code="w">(OCoLC)10845546</subfield></datafield><datafield ind1="0" ind2="7" tag="785"><subfield code="t">Crawford and Cherokee Italian American</subfield><subfield code="w">(OCoLC)10865031</subfield></datafield></record>